<record><leader>00000cas a2200000 a 4500</leader><controlfield tag="001">33999973</controlfield><controlfield tag="008">960106d188u188umiuwr ne      0    0eng c</controlfield><datafield ind1=" " ind2=" " tag="010"><subfield code="a">sn 95077605 </subfield></datafield><datafield ind1=" " ind2=" " tag="040"><subfield code="a">MHN</subfield><subfield code="b">eng</subfield><subfield code="c">MHN</subfield><subfield code="d">OCL</subfield><subfield code="d">MHN</subfield><subfield code="d">OCL</subfield><subfield code="d">OCLCQ</subfield><subfield code="d">OCLCF</subfield><subfield code="d">OCLCO</subfield></datafield><datafield ind1="1" ind2=" " tag="029"><subfield code="a">AU@</subfield><subfield code="b">000012146902</subfield></datafield><datafield ind1=" " ind2=" " tag="042"><subfield code="a">pcc</subfield></datafield><datafield ind1=" " ind2=" " tag="043"><subfield code="a">n-us-mi</subfield></datafield><datafield ind1="0" ind2=" " tag="130"><subfield code="a">St. Louis Republican (Saint Louis, Mich. : Weekly)</subfield></datafield><datafield ind1="1" ind2="0" tag="245"><subfield code="a">St. Louis Republican.</subfield></datafield><datafield ind1="3" ind2=" " tag="246"><subfield code="a">Saint Louis Republican</subfield></datafield><datafield ind1=" " ind2=" " tag="260"><subfield code="a">St. Louis, Mich. :</subfield><subfield code="b">F.M. Vandercook</subfield></datafield><datafield ind1=" " ind2=" " tag="300"><subfield code="a">v.</subfield></datafield><datafield ind1=" " ind2=" " tag="310"><subfield code="a">Weekly</subfield></datafield><datafield ind1=" " ind2=" " tag="515"><subfield code="a">Whole numbering added: Vol. 3, no. 27 (Aug. 19, 1885) = whole no. 131.</subfield></datafield><datafield ind1=" " ind2=" " tag="580"><subfield code="a">Daily ed.: Daily Republican (Saint Louis, Mich.).</subfield></datafield><datafield ind1=" " ind2=" " tag="580"><subfield code="a">Semiweekly ed.: St. Louis Republican (Saint Louis, Mich. : Semiweekly).</subfield></datafield><datafield ind1=" " ind2=" " tag="588"><subfield code="a">Description based on: Vol. 3, no. 1 (Feb. 19, 1885).</subfield></datafield><datafield ind1=" " ind2="0" tag="651"><subfield code="a">Saint Louis (Mich.)</subfield><subfield code="v">Newspapers.</subfield></datafield><datafield ind1=" " ind2="0" tag="651"><subfield code="a">Gratiot County (Mich.)</subfield><subfield code="v">Newspapers.</subfield></datafield><datafield ind1=" " ind2="7" tag="655"><subfield code="a">Newspapers.</subfield><subfield code="2">fast</subfield><subfield code="0">(OCoLC)fst01423814</subfield></datafield><datafield ind1=" " ind2="7" tag="651"><subfield code="a">Michigan</subfield><subfield code="z">Gratiot County.</subfield><subfield code="2">fast</subfield><subfield code="0">(OCoLC)fst01206847</subfield></datafield><datafield ind1=" " ind2="7" tag="651"><subfield code="a">Michigan</subfield><subfield code="z">Saint Louis.</subfield><subfield code="2">fast</subfield><subfield code="0">(OCoLC)fst01237430</subfield></datafield><datafield ind1=" " ind2=" " tag="752"><subfield code="a">United States</subfield><subfield code="b">Michigan</subfield><subfield code="c">Gratiot</subfield><subfield code="d">Saint Louis.</subfield></datafield><datafield ind1="1" ind2=" " tag="775"><subfield code="t">Daily Republican (Saint Louis, Mich.)</subfield><subfield code="w">(DLC)sn 99065132</subfield><subfield code="w">(OCoLC)41011576</subfield></datafield><datafield ind1="1" ind2=" " tag="775"><subfield code="t">Saint Louis Republican (Saint Louis, Mich. : Semiweekly)</subfield><subfield code="w">(DLC)sn 99065129</subfield><subfield code="w">(OCoLC)40998927</subfield></datafield><datafield ind1="0" ind2="0" tag="785"><subfield code="t">Republican (Saint Louis, Mich.)</subfield><subfield code="w">(DLC)sn 95077606</subfield><subfield code="w">(OCoLC)33999977</subfield></datafield></record>